@misc{blue-chip,
title = {Blue Chip Publications},
year = {2019}, 
}

@article{adjoint-giles,
  added-at = {2010-11-15T09:15:25.000+0100},
  author = {Giles, M. B. and Pierce, N. A.},
  biburl = {https://www.bibsonomy.org/bibtex/2c67b95bfad666728188c1f7ad57055ad/toevanen},
  interhash = {33875f10d96cfd46e95eef5f100a3e2e},
  intrahash = {c67b95bfad666728188c1f7ad57055ad},
  journal = {Flow, Turbulence and Combustion},
  keywords = {SA:CA SA:DA survey},
  pages = {393--415},
  timestamp = {2011-02-22T12:20:12.000+0100},
  title = {An Introduction to the Adjoint Approach to Design},
  volume = 65,
  year = 2000
}

@book{deFelice-1990,
      author         = "de Felice, F. and Clarke, C. J. S.",
      title          = "{Relativity on curved manifolds}",
      publisher      = "Cambridge University Press",
      year           = "1992",
      ISBN           = "9780521429085, 9780521266390",
}

@book{kennedy-1998,
  title={A Guide to Econometrics},
  author={Kennedy, P.},
  isbn={9780262611831},
  lccn={20045179},
  year={1998},
  publisher={The MIT Press}
}

@book{fabozzi-etal-2014,
  title={Foundations of Financial Markets and Institutions},
  author={Fabozzi, F. J. and Modigliani, F. and Jones, F. J.},
  isbn={9781292021775},
  year={2014},
  publisher={Pearson Education Limited}
}

@book{hastie-etal-2009,
  title={The Elements of Statistical Learning: Data Mining, Inference, and Prediction},
  author={Hastie, T. and Tibshirani, R. and Friedman, J.},
  isbn={9780387848587},
  lccn={2008941148},
  series={Springer Series in Statistics},
  year={2009},
  publisher={Springer New York}
}

@book{rasmussen-williams-2005,
author = {Rasmussen, C. E. and Williams, C. K. I.},
title = {Gaussian Processes for Machine Learning},
year = {2005},
isbn = {026218253X},
publisher = {The MIT Press}
}

@book{schrodinger-1985,
  title={Space-Time Structure},
  author={Schr{\"o}dinger, E. and Dinger, E.S.},
  isbn={9780521315203},
  lccn={lc85005695},
  series={Cambridge Science Classics},
  year={1985},
  publisher={Cambridge University Press}
}

@book{numerical-optimization-2006,
  title={Numerical Optimization},
  author={Nocedal, J. and Wright, S.},
  isbn={9780387400655},
  lccn={2006923897},
  series={Springer Series in Operations Research and Financial Engineering},
  year={2006},
  publisher={Springer New York}
}

@article{carlsson-2009,
author = {Carlsson, G.},
year = {2009},
month = {04},
pages = {255-308},
title = {Topology and Data},
volume = {46},
journal = {Bulletin of The American Mathematical Society},
}

@article{bubenik-2015,
  author  = {Bubenik, P.},
  title   = {Statistical Topological Data Analysis using Persistence Landscapes},
  journal = {Journal of Machine Learning Research},
  year    = {2015},
  volume  = {16},
  number  = {3},
  pages   = {77-102},
}

@article{wasserman-2018,
  author  = {Wasserman, L.},
  title   = {Topological Data Analysis},
  journal = {Annual Review of Statistics and Its Application},
  year    = {2018},
  volume  = {5},
  pages   = {501-532},
}

@article{carlsson-gabrielsson-2020,
  author  = {Carlsson, G., Gabrielsson, R.B.},
  title   = {Topological Approaches to Deep Learning},
  journal = {Topological Data Analysis. Abel Symposia},
  year    = {2020},
  volume  = {15},
  pages   = {119-146},
}

@article{petzold-1983,
  author  = {Petzold, L.},
  title   = {Automatic Selection of Methods for Solving Stiff and
                  Nonstiff Systems of Ordinary Differential
                  Equations},
  journal = {SIAM Journal on Scientific and Statistical Computing},
  year    = {1983},
  volume  = {4},
  pages   = {136-148}
}

@article{dormand-prince-1980,
  author  = {Dormand, J. R. and Prince, P. J.},
  title   = {A family of embedded Runge-Kutta formulae},
  journal = {Journal of Computational and Applied Mathematics},
  year    = {1980},
  volume  = {6},
  pages   = {19-26}
}

@book{boyes-1990,
      author         = {Boyes, W. E. and Diprima, R. C. and Meade D. B.},
      title          = {Elementary Differential Equations and Boundary Value Problems},
      publisher      = {John Wiley \& Sons, Inc.},
      year           = {2017},
      ISBN           = {9781119377924},
}

